<?xml version="1.0" encoding="UTF-8"?><record xmlns="http://www.loc.gov/MARC21/slim" xmlns:cinclude="http://apache.org/cocoon/include/1.0" xmlns:zs="http://www.loc.gov/zing/srw/">
  <leader>00819nz  a2200181n  4500</leader>
  <controlfield tag="001">no2010131654</controlfield>
  <controlfield tag="003">DLC</controlfield>
  <controlfield tag="005">20100814075634.0</controlfield>
  <controlfield tag="008">100812n| acannaabn          |a aaa     c</controlfield>
  <datafield tag="010" ind1=" " ind2=" ">
    <subfield code="a">no2010131654</subfield>
  </datafield>
  <datafield tag="035" ind1=" " ind2=" ">
    <subfield code="a">(OCoLC)oca08590999</subfield>
  </datafield>
  <datafield tag="040" ind1=" " ind2=" ">
    <subfield code="a">IEN</subfield>
    <subfield code="b">eng</subfield>
    <subfield code="c">IEN</subfield>
  </datafield>
  <datafield tag="100" ind1="0" ind2=" ">
    <subfield code="a">Gboé a Kah-Pantoussohou,</subfield>
    <subfield code="d">1958-</subfield>
  </datafield>
  <datafield tag="400" ind1="1" ind2=" ">
    <subfield code="a">A Kah-Pantoussohou, Gboé,</subfield>
    <subfield code="d">1958-</subfield>
  </datafield>
  <datafield tag="400" ind1="1" ind2=" ">
    <subfield code="a">Kah-Pantoussohou, Gboé a,</subfield>
    <subfield code="d">1958-</subfield>
  </datafield>
  <datafield tag="400" ind1="1" ind2=" ">
    <subfield code="a">Pantoussohou, Gboé a Kah-,</subfield>
    <subfield code="d">1958-</subfield>
  </datafield>
  <datafield tag="500" ind1="1" ind2=" ">
    <subfield code="a">Montouo, Bernard,</subfield>
    <subfield code="d">1958-</subfield>
  </datafield>
  <datafield tag="670" ind1=" " ind2=" ">
    <subfield code="a">Une nomination fatale, c2008:</subfield>
    <subfield code="b">t.p. (Gboé a Kah-Pantoussohou) p. 4 of cover (Bernard Montouo, who wishes now to be called Gboé a Kah-Pantoussohou; b. in Faêcobly, Côte d'Ivoire; degree in French language and linguistics, doctorate in philosophy; for many years has lived in Canada, professor of philosophy)</subfield>
  </datafield>
</record>